%! Author = shd
%! Date = 2025/5/28

